<?xml version="1.0" encoding="UTF-8"?><record xmlns="http://www.loc.gov/MARC21/slim" xmlns:cinclude="http://apache.org/cocoon/include/1.0" xmlns:zs="http://www.loc.gov/zing/srw/">
  <leader>00518nz  a2200133n  4500</leader>
  <controlfield tag="001">n  82023677 </controlfield>
  <controlfield tag="003">DLC</controlfield>
  <controlfield tag="005">19840322000000.0</controlfield>
  <controlfield tag="008">820226n| acannaab|          |a aaa ||| c</controlfield>
  <datafield tag="010" ind1=" " ind2=" ">
    <subfield code="a">n  82023677 </subfield>
  </datafield>
  <datafield tag="040" ind1=" " ind2=" ">
    <subfield code="a">DGPO</subfield>
    <subfield code="c">DLC</subfield>
  </datafield>
  <datafield tag="100" ind1="1" ind2="0">
    <subfield code="a">Loyola, V. M.</subfield>
    <subfield code="q">(Vincent M.)</subfield>
  </datafield>
  <datafield tag="400" ind1="1" ind2="0">
    <subfield code="a">Loyola, Vincent M.</subfield>
  </datafield>
  <datafield tag="670" ind1=" " ind2=" ">
    <subfield code="a">Womelsduff, J.E. Zinc inventories in containment for some PWR and BWR power plants, 1981 (a.e.)</subfield>
    <subfield code="b">t.p. (V. M. Loyola, Explosive Materials Div. 2516, Sandia Nat. Laboratories, Albuquerque, N.M.) cover (Vincent M. Loyola)</subfield>
  </datafield>
</record>